<?xml version="1.0" encoding="UTF-8"?><collection xmlns="http://www.loc.gov/MARC21/slim"><record><leader>00517nam--2200169-u-4500</leader><controlfield tag="001">000055048</controlfield><controlfield tag="002">20161230</controlfield><controlfield tag="005">20161230201052</controlfield><controlfield tag="008">121025s1000------------r-----000-0-eng-d</controlfield><datafield ind1=" " ind2=" " tag="040"><subfield code="a">IFIN-HH</subfield></datafield><datafield ind1=" " ind2=" " tag="080"><subfield code="a">539.2</subfield></datafield><datafield ind1="1" ind2=" " tag="100"><subfield code="a">Nilsson, Gunnar</subfield></datafield><datafield ind1="1" ind2="0" tag="245"><subfield code="a">Phonon dispersion in aluminium, copper, lead, germanium and silicon measured with neutron crystal spectrometers</subfield><subfield code="b">Dissertation</subfield><subfield code="c">Gunnar nilsson</subfield></datafield><datafield ind1=" " ind2=" " tag="260"><subfield code="a">Stockholm</subfield><subfield code="b">Universitet</subfield><subfield code="c">1974</subfield></datafield><datafield ind1=" " ind2=" " tag="300"><subfield code="a">23P</subfield></datafield><datafield ind1=" " ind2=" " tag="852"><subfield code="a">43683</subfield><subfield code="c">539.2</subfield></datafield><datafield ind1=" " ind2=" " tag="CAT"><subfield code="a">Sys</subfield><subfield code="c">20121025</subfield><subfield code="h">142544</subfield></datafield></record></collection>